<collection xmlns="http://www.loc.gov/MARC21/slim">
<record>
  <leader>01184nam0a2200241 i 450 </leader>
  <controlfield tag="001">IT\ICCU\CNCE\016495</controlfield>
  <controlfield tag="005">20030919000000.0</controlfield>
  <datafield tag="012" ind1=" " ind2=" ">
    <subfield code="a">oaa, a-e- zafi chua (3) 1586 (R)</subfield>
    <subfield code="2">fei</subfield>
  </datafield>
  <datafield tag="100" ind1=" " ind2=" ">
    <subfield code="a">19970101d1586        0itac0103    ba</subfield>
  </datafield>
  <datafield tag="101" ind1=" " ind2=" ">
    <subfield code="a">ITA</subfield>
  </datafield>
  <datafield tag="102" ind1=" " ind2=" ">
    <subfield code="a">IT</subfield>
  </datafield>
  <datafield tag="200" ind1="1" ind2=" ">
    <subfield code="a">℗Il ℗Galatheo di m. Giouanni Della Casa o vero, Trattato de&apos; costumi, e modi che si debbono tenere, o schifare nella commune conuersatione. Nuouamente ristampato</subfield>
  </datafield>
  <datafield tag="210" ind1=" " ind2=" ">
    <subfield code="a">In Bergamo</subfield>
    <subfield code="c">appresso Comino Ventura</subfield>
    <subfield code="d">et compagni</subfield>
    <subfield code="d">1586</subfield>
  </datafield>
  <datafield tag="215" ind1=" " ind2=" ">
    <subfield code="a">106, \6! p.</subfield>
    <subfield code="d">16ʻ</subfield>
  </datafield>
  <datafield tag="620" ind1=" " ind2=" ">
    <subfield code="a">IT</subfield>
    <subfield code="d">Bergamo</subfield>
  </datafield>
  <datafield tag="700" ind1=" " ind2="1">
    <subfield code="a">Della_Casa,</subfield>
    <subfield code="b">Giovanni</subfield>
    <subfield code="3">IT\ICCU\CNCA\001081</subfield>
  </datafield>
  <datafield tag="712" ind1="0" ind2="0">
    <subfield code="a">Ventura, Comino &amp; C.</subfield>
    <subfield code="3">IT\ICCU\CNCT\002858</subfield>
    <subfield code="4">650</subfield>
  </datafield>
  <datafield tag="790" ind1=" " ind2="1">
    <subfield code="a">Casa,</subfield>
    <subfield code="b">Giovanni : della</subfield>
    <subfield code="3">IT\ICCU\CNCA\007909</subfield>
    <subfield code="z">Della_Casa, Giovanni</subfield>
  </datafield>
  <datafield tag="801" ind1=" " ind2="3">
    <subfield code="a">IT</subfield>
    <subfield code="b">ICCU</subfield>
    <subfield code="c">20201114</subfield>
  </datafield>
  <datafield tag="899" ind1=" " ind2=" ">
    <subfield code="a">Biblioteca civica A. Mai. Bergamo</subfield>
    <subfield code="1">BG0026</subfield>
    <subfield code="2">LO1 02</subfield>
  </datafield>
  <datafield tag="899" ind1=" " ind2=" ">
    <subfield code="a">Biblioteca Estense Universitaria. Modena</subfield>
    <subfield code="1">MO0089</subfield>
    <subfield code="2">MOD BE</subfield>
  </datafield>
  <datafield tag="911" ind1=" " ind2=" ">
    <subfield code="a">Sul front.</subfield>
    <subfield code="9">IT\ICCU\CNCM\000554</subfield>
  </datafield>
  <datafield tag="921" ind1=" " ind2=" ">
    <subfield code="a">IT\ICCU\CNCM\000554</subfield>
    <subfield code="b">Fortuna (donna in mare su delfino con vela al vento). Sole sullo sfondo.</subfield>
    <subfield code="e">Bona fortunae</subfield>
    <subfield code="c">A34</subfield>
    <subfield code="c">Z573</subfield>
    <subfield code="d">Dimensioni: 3,9 x 4,8</subfield>
    <subfield code="f">BONAFORTUN</subfield>
    <subfield code="f">DELFINO</subfield>
    <subfield code="f">FORTUNA</subfield>
    <subfield code="f">SOLE</subfield>
    <subfield code="f">VELA</subfield>
    <subfield code="g">1580-1600</subfield>
  </datafield>
</record>
</collection>
